@INPROCEEDINGS{METISSPIE2016,
    author = {Brandl, B.~R. and Ag\'ocs, T. and Aitink-Kroes, G. and 
        Bertram, T. and Bettonvil, F. and van Boekel, R. and Boulade, O. and 
	    Feldt, M. and Glasse, A. and Glauser, A. and G\"udel, M. and 
	    Hurtado, N. and Jager, R. and Kenworthy, M.~A. and Mach, M. and 
	    Meisner, J. and Meyer, M. and Pantin, E. and Quanz, S. and 
	    Schmid, H.~M. and Stuik, R. and Veninga, A. and Waelkens, C.},
    title = "{Status of the mid-infrared E-ELT imager and spectrograph METIS}",
    booktitle = {Ground-based and Airborne Instrumentation for Astronomy VI},
     year = 2016,
   series = {\procspie},
   volume = 9908,
    month = aug,
      eid = {990820},
    pages = {990820},
      doi = {10.1117/12.2233974},
   adsurl = {https://ui.adsabs.harvard.edu/abs/2016SPIE.9908E..20B},
  adsnote = {Provided by the SAO/NASA Astrophysics Data System}
}

@thesis{arcier, 
    title={Single Laser Adaptive Optics system for the ELT/METIS: Feasibility and Performance study},
    url={http://resolver.tudelft.nl/uuid:f2f4f0b0-0f13-4874-a191-a0ce7102b60a}, 
    journal={TU Delft Repositories}, 
    author={Arcier, Benjamin}, 
    year={2018}, 
    month= dec
}

@INPROCEEDINGS{harmoni,
    author = {Dohlen, Kjetil and Morris, Timothy and Lopez, Javier Piqueras and 
        Calcines-Rosario, Ariadna and Costille, Anne and Dubbeldam, Marc and El-Hadi, Kacem
        and Fusco, Thierry and Llored, Marc and Neichel, Benoit and Pascal, Sandrine and
        Sauvage, Jean-Francois and Vola, Pascal and Clarke, Fraser and Schnetler, Hermine 
        and Bryson, Ian and Thatte, Niranjan},
    title = {Opto-mechanical designs for the HARMONI adaptive optics systems},
    series = {\procspie},
    volume = {10703},
    year = {2018},
    doi = {10.1117/12.2313651},
    URL = {https://doi.org/10.1117/12.2313651},
    eprint = {}
}

@misc{item, 
    title={Productdetails: item Industrietechnik GmbH},
    url={https://product.item24.de/en/products/product-catalogue/productdetails/products/construction-profiles-8-1001042794/profile-8-40x40-light-natural-2633/},
    journal={Productdetails | item Industrietechnik GmbH}
}

@misc{thor, title={220 mm Linear Translation Stage, Direct-Drive Servo Motor},
    url={https://www.thorlabs.com/newgrouppage9.cfm?objectgroup_id=5305}, 
    journal={220 mm Linear Translation Stage, Direct-Drive Servo Motor},
    publisher={Thorlabs}
}

@misc{zernike, 
    title={Zernike polynomials}, 
    url={https://en.wikipedia.org/wiki/Zernike_polynomials}, 
    journal={Wikipedia}, 
    publisher={Wikimedia Foundation}, 
    year={2019}, 
    month={Jun}
}

@article{sodium, 
    title = {Statistics of the sodium layer parameters at low geographic latitude and its impact on adaptive-optics sodium laser guide star characteristics}, 
    volume = {511}, 
    DOI = {10.1051/0004-6361/200913281}, 
    journal = {Astronomy and Astrophysics}, 
    author = {Moussaoui, N. and Clemesha, B. R. and Holzlöhner, R. and Simonich, D. M. and Calia, D. Bonaccini and Hackenberg, W. and Batista, P. P.}, 
    year = {2010}
}

@INPROCEEDINGS{METISupdate,
    author = {Brandl, Bernhard R. and Absil, Olivier and Agócs, Tibor and Baccichet, Nicola and Bertram, Thomas and Bettonvil, Felix and van Boekel, Roy and Burtscher, Leonard and van Dishoeck, Ewine and Feldt, Markus and J. V. Garcia, Paulo and Glasse, Alistair and Glauser, Adrian and Güdel, Manuel and Haupt, Christoph and Kenworthy, Matthew A. and Labadie, Lucas and Laun, Werner and Lesman, Dirk and Pantin, Eric and Quanz, Sascha P. and Snellen, Ignas and Siebenmorgen, Ralf and van Winckel, Hans},
    title = {Status of the mid-IR ELT imager and spectrograph (METIS)},
    volume = {10702},
    year = {2018},
    doi = {10.1117/12.2311492},
    URL = {https://doi.org/10.1117/12.2311492}
}

@INPROCEEDINGS{SAPHIRA,
    author = {Finger, Gert and Baker, Ian and Alvarez, Domingo and Ives, Derek and 
    Megragan, Leander and Meyer, Manfred and Stegmeier, Jörg and Weller, Harald J.},
    title = {SAPHIRA detector for infrared wavefront sensing},
    volume = {9148},
    year = {2014},
    doi = {10.1117/12.2057078},
    URL = {https://doi.org/10.1117/12.2057078},
    eprint = {}
}

@BOOK{Hecht,
    author  = {Hecht, Eugene},
    title   = {Optics},
    publisher   = {Pearson},
    year    = {2017},
    pages   = {183-184},
    edition = {5th}
}

@book{greivenkamp_2004, 
    place={Bellingham, WA}, 
    title={Field guide to geometrical optics}, 
    publisher={SPIE Press}, 
    author={Greivenkamp, John E.}, 
    year={2004}
}

@INPROCEEDINGS{star_mag,
    author = {Bertram, Thomas and Absil, Olivier and Bizenberger, Peter and Brandner,
        Wolfgang and Briegel, Florian and Cantalloube, Faustine and Carlomagno, Brunella
        and Vázquez, María Concepción Cárdenas and Feldt, Markus and Glauser, Adrian M.
        and Henning, Thomas and Hippler, Stefan and Huber, Armin and Hurtado, Norma and
        Kenworth, Matthew A. and Kulas, Martin and Mohr, Lars and Naranjo, Vianak and 
        Neureuther, Philip and Obereder, Andreas and Rohloff, Ralf-Rainer and Scheithauer,
        Silvia and Shatokhina, Iuliia and Stuik, Remko and van Boekel, Roy},
    title = {Single conjugate adaptive optics for METIS},
    volume = {10703},
    year = {2018},
    doi = {10.1117/12.2313325},
    URL = {https://doi.org/10.1117/12.2313325},
    eprint = {}
}

@article{Shatokhina:13,
    author = {Iuliia Shatokhina and Andreas Obereder and Matthias Rosensteiner and Ronny Ramlau},
    journal = {Appl. Opt.},
    keywords = {Mathematical methods in physics; Wave-front sensing; Astronomical optics; Active or adaptive optics; Atmospheric turbulence; Deformable mirrors; Fast Fourier transforms; Fourier transforms; Photon counting; Wavefront distortions},
    number = {12},
    pages = {2640--2652},
    publisher = {OSA},
    title = {Preprocessed cumulative reconstructor with domain decomposition: a fast wavefront reconstruction method for pyramid wavefront sensor},
    volume = {52},
    month = Apr,
    year = {2013},
    url = {http://ao.osa.org/abstract.cfm?URI=ao-52-12-2640},
    doi = {10.1364/AO.52.002640},
    abstract = {We present a fast method for the wavefront reconstruction from pyramid wavefront sensor (P-WFS) measurements. The method is based on an analytical relation between pyramid and Shack\&\#x2013;Hartmann sensor (SH-WFS) data. The algorithm consists of two steps\&\#x2014;a transformation of the P-WFS data to SH data, followed by the application of cumulative reconstructor with domain decomposition, a wavefront reconstructor from SH-WFS measurements. The closed loop simulations confirm that our method provides the same quality as the standard matrix vector multiplication method. A complexity analysis as well as speed tests confirm that the method is very fast. Thus, the method can be used on extremely large telescopes, e.g., for eXtreme adaptive optics systems.},
}

@article{Rayleigh, 
    title={Rayleigh Laser Guide Star Systems: UnISIS Bow‐Tie Shutter and CCD39 Wavefront Camera}, 
    volume={114}, 
    url={https://arxiv.org/abs/astro-ph/0207074v1}, 
    DOI={10.1086/342764}, 
    number={800}, 
    journal={Publications of the Astronomical Society of the Pacific},
    author={Thompson, Laird A. and Teare, Scott W. and Crawford, Samuel L. and Leach, Robert W.}, 
    year={2002}, pages={1143–1149}
}

@misc{hoge,
    url={http://www.patrickhoge.com/},
    author={Hoge, Patrick}
}

@misc{aomode,
    title={AOModes}, 
    url={https://www.eso.org/sci/facilities/develop/ao/ao_modes/.html},
    publisher={ESO}
}

@misc{zemax_non_seq, 
    title={How to Model a Mixed Sequential/Non-Sequential System},
    url={https://customers.zemax.com/os/resources/learn/knowledgebase/how-to-model-a-mixed-sequential-non-sequential-sys}, 
    publisher={ZEMAX}, 
    author={Hill, Dan}, 
    year={2015}, 
    month=Dec
}

@misc{keller_2019, 
    place={Leiden}, 
    title={Foundations of Optics}, 
    journal={ATI}, 
    publisher={Netherlands}, 
    author={Keller, Christoph}, 
    year={2019}, 
    month=Jul,
    url = {https://home.strw.leidenuniv.nl/~keller/Teaching/ATI_2018/ATI_2018_L01_FundamentalOptics.pdf}
} 

@misc{max_2019, 
    place={Santa Cruz}, 
    title={Introduction to AO}, 
    journal={Adaptive Optics Summer School}, 
    publisher={USA}, 
    author={Max, Claire}, 
    year={2019}, 
    month=Jul
}