@article{Chanan1994,
    title = {{<title>W.M. Keck Telescope phasing camera system</title>}},
    year = {1994},
    journal = {Instrumentation in Astronomy VIII},
    author = {Chanan, Gary A. and Nelson, Jerry E. and Mast, Terry S. and Wizinowich, Peter L. and Schaefer, Barbara A.},
    number = {June 1994},
    pages = {1139--1150},
    volume = {2198},
    doi = {10.1117/12.176697}
}

@misc{NoTitle,
    title = {{(No Title)}},
    url = {http://aerospace.wcc.hawaii.edu/Maunakea/Protesters%20use%20claims%20of%20sacredness%20for%20political%20agendas.pdf}
}

@misc{010296-Optical_Society_of_,
    title = {{010296-Optical{\_}Society{\_}of{\_}}},
    url = {https://web.archive.org/web/20100528112945/http://www.ucsc.edu/news_events/press_releases/archive/95-96/01-96/010296-Optical_Society_of_.html}
}

@misc{2010Foundation,
    title = {{2010 Astrophysics Citation | The Kavli Foundation}},
    url = {https://www.kavlifoundation.org/2010-astrophysics-citation}
}

@article{Ray1991titleActiveOverview/title,
    title = {{<title>Active optics technology: an overview</title>}},
    year = {1991},
    journal = {Analysis of Optical Structures},
    author = {Ray, Frank B.},
    number = {December 1991},
    pages = {188--206},
    volume = {1532},
    doi = {10.1117/12.48265}
}

@article{Nelson1990titleConstructionObservatory/title,
    title = {{<title>Construction of the Keck Observatory</title>}},
    year = {1990},
    journal = {Advanced Technology Optical Telescopes IV},
    author = {Nelson, Jerry E. and Mast, Terry S.},
    number = {July 1990},
    pages = {47--55},
    volume = {1236},
    doi = {10.1117/12.19171}
}

@article{Mast1990titleFabricationBending/title,
    title = {{<title>Fabrication of large optical surfaces using a combination of polishing and mirror bending</title>}},
    year = {1990},
    journal = {Advanced Technology Optical Telescopes IV},
    author = {Mast, Terry S. and Nelson, Jerry E.},
    number = {July 1990},
    pages = {670--681},
    volume = {1236},
    doi = {10.1117/12.19234}
}

@misc{AboutHawaiiHistory.org,
    title = {{About the Hawaiian Language on this site. - Hawaii History - About HawaiiHistory.org}},
    url = {http://www.hawaiihistory.org/index.cfm?fuseaction=ig.page&PageID=496}
}

@misc{AnnexationHawaii,
    title = {{Annexation Timeline - of the overthrow of the Kingdom of Hawaii}},
    url = {http://hrmakahinui.com/Timeline_Kingdom_of_Hawaii.php}
}

@misc{BeatingObservatory,
    title = {{Beating the Odds | W. M. Keck Observatory}},
    url = {https://web.archive.org/web/20101006071550/http://keckobservatory.org/cosmicmatters/article/beating_the_odds/}
}

@article{Burge2006DesignSegments,
    title = {{Design and analysis for interferometric measurements of the GMT primary mirror segments}},
    year = {2006},
    journal = {Optomechanical Technologies for Astronomy},
    author = {Burge, J. H. and Kot, L. B. and Martin, H. M. and Zehnder, R. and Zhao, C.},
    number = {2006},
    pages = {62730M},
    volume = {6273},
    isbn = {0819463388},
    doi = {10.1117/12.672484},
    issn = {0277786X},
    keywords = {aspheres, optical fabrication, optical testing, telescopes}
}

@misc{ExhibitionsGlass,
    title = {{Exhibitions | Corning Museum of Glass}},
    url = {https://www.cmog.org/collection/exhibitions/mirror-to-discovery}
}

@misc{ExhibitionsGlassb,
    title = {{Exhibitions | Corning Museum of Glass}},
    url = {https://www.cmog.org/collection/exhibitions/mirror-to-discovery}
}

@article{Miller2018FocalInstrument,
    title = {{Focal plane wavefront sensing and control strategies for high-contrast imaging on the MagAO-X instrument}},
    year = {2018},
    author = {Miller, Kelsey L. and Males, Jared R. and Guyon, Olivier and Close, Laird M. and Doelman, David S. and Snik, Frans and Wilby, Michael J. and Lumbres, Jennifer and Van Gorkom, Kyle and Por, Emiel H. and Rodack, Alexander T. and Knight, Justin and Jovanovic, Nemanja and Morzinski, Katie M. and Schatz, Lauren and Bohlman, Chris and Kautz, Maggie},
    pages = {66},
    isbn = {9781510619593},
    doi = {10.1117/12.2312809},
    issn = {1996756X},
    arxivId = {1807.04381},
    keywords = {control, direct exoplanet imaging, high-contrast imaging, ldfc, low-order wavefront sensing, lowfs, magao-x, modal wavefront sensing, mwfs, plate, spatial linear dark field, vapp, vector apodizing phase, wavefront}
}

@article{Bos2019Focal-planePlate,
    title = {{Focal-plane wavefront sensing with the vector-Apodizing Phase Plate}},
    year = {2019},
    journal = {Astronomy and Astrophysics},
    author = {Bos, S. P. and Doelman, D. S. and Lozi, J. and Guyon, O. and Keller, C. U. and Miller, K. L. and Jovanovic, N. and Martinache, F. and Snik, F.},
    volume = {632},
    doi = {10.1051/0004-6361/201936062},
    issn = {14320746},
    arxivId = {1909.08317},
    keywords = {Instrumentation: adaptive optics, Instrumentation: high angular resolution}
}

@article{Clery2019GiantConstruction,
    title = {{Giant telescope set to rise on hallowed peak in Hawaii: Thirty Meter Telescope surmounts last legal hurdle, but protesters plan to disrupt construction}},
    year = {2019},
    journal = {Science},
    author = {Clery, Daniel},
    number = {6447},
    pages = {1220},
    volume = {364},
    doi = {10.1126/science.364.6447.1220},
    issn = {10959203}
}

@article{Kane2019HawaiiRow,
    title = {{Hawaii telescope row}},
    year = {2019},
    journal = {New Scientist},
    author = {Kane, Haunani},
    number = {3241},
    pages = {15},
    volume = {243},
    doi = {10.1016/s0262-4079(19)31411-3},
    issn = {02624079}
}

@article{Witze2015HawaiianProtests,
    title = {{Hawaiian telescope project seeks way forward amid protests}},
    year = {2015},
    journal = {Nature},
    author = {Witze, Alexandra},
    month = {4},
    publisher = {Springer Science and Business Media LLC},
    url = {http://www.nature.com/news/hawaiian-telescope-project-seeks-way-forward-amid-protests-1.17396},
    doi = {10.1038/nature.2015.17396},
    issn = {0028-0836},
    keywords = {Astronomical instrumentation, Astronomy and astrophysics, Society}
}

@article{Witze2015HawaiianMeeting,
    title = {{Hawaiian telescope project sparks protests at astronomy meeting}},
    year = {2015},
    journal = {Nature},
    author = {Witze, Alexandra},
    month = {8},
    publisher = {Springer Science and Business Media LLC},
    url = {http://www.nature.com/news/hawaiian-telescope-project-sparks-protests-at-astronomy-meeting-1.18125},
    doi = {10.1038/nature.2015.18125},
    issn = {0028-0836},
    keywords = {Astronomical instrumentation, Astronomy and astrophysics, Conferences and meetings}
}

@misc{HCIPy:Documentation,
    title = {{HCIPy: High Contrast Imaging for Python â€” HCIPy 0.3.1 documentation}},
    url = {https://docs.hcipy.org/0.3.1/}
}

@techreport{SheltonHowTelescopes,
    title = {{How to calibrate edge sensors on segmented mirror telescopes}},
    author = {Shelton, Chris and Roberts, Lewis C},
    keywords = {Extremely Large Telescopes, calibration, capacitive sensor, edge sensors, segmented mirrors}
}

@article{Hestenes1958InversionResults,
    title = {{Inversion of Matrices by Biorthogonalization and Related Results}},
    year = {1958},
    journal = {Journal of the Society for Industrial and Applied Mathematics},
    author = {Hestenes, Magnus R.},
    number = {1},
    month = {3},
    pages = {51--90},
    volume = {6},
    publisher = {Society for Industrial {\&} Applied Mathematics (SIAM)},
    doi = {10.1137/0106005},
    issn = {0368-4245}
}

@misc{LOFTSystems.,
    title = {{LOFT, Large Optics Fabrication and Testing group with OEFF {\&} RFCML | Developing advanced technologies for optical testing and fabrication of large optical components and systems.}},
    url = {http://www.loft.optics.arizona.edu/}
}

@article{Hamacher2016MaunaTelescope,
    title = {{Mauna a Wakea: Hawai'i's sacred mountain and the contentious Thirty Meter Telescope}},
    year = {2016},
    journal = {The Conversation},
    author = {Hamacher, Duane and Britton, Tui},
    pages = {1--4},
    url = {https://theconversation.com/mauna-a-wakea-hawaiis-sacred-mountain-and-the-contentious-thirty-meter-telescope-46069}
}

@misc{Clery2019NoTelescope,
    title = {{No safe haven for the Thirty Meter Telescope}},
    year = {2019},
    booktitle = {Science},
    author = {Clery, Daniel},
    number = {6457},
    month = {9},
    pages = {960--961},
    volume = {365},
    publisher = {American Association for the Advancement of Science},
    url = {http://science.sciencemag.org/},
    doi = {10.1126/science.365.6457.960},
    issn = {10959203},
    keywords = {Science Magazine Article}
}

@article{Clery2019NoTelescopeb,
    title = {{No safe haven for the Thirty Meter Telescope}},
    year = {2019},
    journal = {Science},
    author = {Clery, Daniel},
    number = {6457},
    pages = {960--961},
    volume = {365},
    doi = {10.1126/science.365.6457.960},
    issn = {10959203}
}

@misc{OpinionTimes,
    title = {{Opinion | The Right Way to Fight Fake News - The New York Times}},
    url = {https://www.nytimes.com/2020/03/24/opinion/fake-news-social-media.html}
}

@article{Congress2018OverthrowHawaii,
    title = {{Overthrow of Hawaii}},
    year = {2018},
    author = {Congress, US},
    url = {https://www.govinfo.gov/content/pkg/STATUTE-107/pdf/STATUTE-107-Pg1510.pdf}
}

@article{Ranka2018PerformanceSystem,
    title = {{Performance analysis tools and results for GMT primary mirror segment active support system}},
    year = {2018},
    author = {Ranka, Trupti M. and Ashby, David and Conan, Rodolphe and Egan, Mark and Schwartz, David},
    number = {July 2018},
    pages = {35},
    volume = {1070512},
    isbn = {9781510619630},
    doi = {10.1117/12.2314113},
    issn = {1996756X}
}

@inproceedings{Acton2012PhasingGMT,
    title = {{Phasing metrology system for the GMT}},
    year = {2012},
    booktitle = {Ground-based and Airborne Telescopes IV},
    author = {Acton, D Scott and Bouchez, Antonin},
    pages = {844423},
    volume = {8444},
    isbn = {9780819491459},
    doi = {10.1117/12.925012},
    issn = {0277786X},
    keywords = {Extremely Large Telescopes, Wavefront Sensing and Controls}
}

@article{Chanan2000PhasingAlgorithm,
    title = {{Phasing the mirror segments of the Keck telescopes II: the narrow-band phasing algorithm}},
    year = {2000},
    journal = {Applied Optics},
    author = {Chanan, Gary and Ohara, Catherine and Troy, Mitchell},
    number = {25},
    pages = {4706},
    volume = {39},
    doi = {10.1364/ao.39.004706},
    issn = {0003-6935}
}

@techreport{MailePrecariousMaoli,
    title = {{Precarious Performances: The Thirty Meter Telescope and Settler State Policing of K{\={a}}naka Maoli}},
    author = {Maile, David UahikeaikaleiÊ»ohu},
    url = {https://d1wqtxts1xzle7.cloudfront.net/57336767/Precarious_Performances.pdf?1536595711=&response-content-disposition=inline%3B+filename%3DPrecarious_Performances_The_Thirty_Meter.pdf&Expires=1593606455&Signature=H1LFOY1zcPbFngeBKW6usleBctcCKorySzdRPDbwg-HN}
}

@techreport{Conklin2015ProtestersAgendas,
    title = {{Protesters use claims of sacredness for political agendas}},
    year = {2015},
    author = {Conklin, Kenneth R}
}

@article{Conklin2015ProtestersAgendasb,
    title = {{Protesters use claims of sacredness for political agendas}},
    year = {2015},
    author = {Conklin, Kenneth R}
}

@misc{ShearingInterferometers,
    title = {{Shearing Interferometers}},
    url = {https://www.thorlabs.com/newgrouppage9.cfm?objectgroup_id=2970}
}

@misc{Loomis2015TelescopePast,
    title = {{Telescope clash deeply rooted in Hawaii's past}},
    year = {2015},
    booktitle = {Science},
    author = {Loomis, Ilima and Cho, Adrian},
    number = {6235},
    month = {5},
    pages = {614--615},
    volume = {348},
    publisher = {American Association for the Advancement of Science},
    url = {http://science.sciencemag.org/content/348/6235/614},
    doi = {10.1126/science.348.6235.614},
    issn = {10959203},
    keywords = {Science Magazine Article}
}

@misc{TheTMT,
    title = {{The Facts About TMT on Maunakea - Maunakea {\&} TMT}},
    url = {https://www.maunakeaandtmt.org/facts-about-tmt/}
}

@article{Pennycook2020TheWarnings,
    title = {{The Implied Truth Effect: Attaching Warnings to a Subset of Fake News Headlines Increases Perceived Accuracy of Headlines Without Warnings}},
    year = {2020},
    journal = {Management Science},
    author = {Pennycook, Gordon and Bear, Adam and Collins, Evan T. and Rand, David G.},
    month = {2},
    publisher = {Institute for Operations Research and the Management Sciences (INFORMS)},
    doi = {10.1287/mnsc.2019.3478},
    issn = {0025-1909}
}

@article{Witze2015TheTelescope,
    title = {{The mountain-top battle over the Thirty Meter Telescope}},
    year = {2015},
    journal = {Nature},
    author = {Witze, Alexandra},
    number = {7571},
    month = {9},
    pages = {24--28},
    volume = {526},
    publisher = {Nature Publishing Group},
    url = {http://www.nature.com/news/the-mountain-top-battle-over-the-thirty-meter-telescope-1.18446},
    doi = {10.1038/526024a},
    issn = {14764687},
    keywords = {Astronomical instrumentation, Astronomy and astrophysics, Research management, Society}
}

@misc{TheDiagram,
    title = {{The topography of the Mauna Kea summit. The upper-left panel is an... | Download Scientific Diagram}},
    url = {https://www.researchgate.net/figure/The-topography-of-the-Mauna-Kea-summit-The-upper-left-panel-is-an-aerial-photograph_fig2_275239907}
}

@misc{TMTOut,
    title = {{TMT spokesman: Mauna Kea remains preferred site, no plans to back out}},
    url = {https://www.hawaiinewsnow.com/2019/07/22/tmt-spokesman-mauna-kea-remains-preferred-site-no-plans-back-out/}
}

@misc{2011WhatToday,
    title = {{What are Active Optics? - Universe Today}},
    year = {2011},
    booktitle = {Universe Today},
    url = {https://www.universetoday.com/88205/active-optics/}
}

@misc{WhyRadio,
    title = {{Why Dismantling of Mauna Kea Telescopes Raises Questions | Hawaii Public Radio}},
    url = {https://www.hawaiipublicradio.org/post/why-dismantling-mauna-kea-telescopes-raises-questions}
}

@article{Noll1976ZERNIKETURBULENCE.,
    title = {{ZERNIKE POLYNOMIALS AND ATMOSPHERIC TURBULENCE.}},
    year = {1976},
    journal = {J Opt Soc Am},
    author = {Noll, Robert J.},
    number = {3},
    pages = {207--211},
    volume = {66},
    doi = {10.1364/JOSA.66.000207}
}